<?xml version="1.0" encoding="UTF-8"?><collection xmlns="http://www.loc.gov/MARC21/slim"><record><leader>00400nam--2200157-i-4500</leader><controlfield tag="001">000040401</controlfield><controlfield tag="002">20161230</controlfield><controlfield tag="005">20170103000209</controlfield><controlfield tag="008">060222s1000------------r-----000-0-eng-d</controlfield><datafield ind1=" " ind2=" " tag="080"><subfield code="a">621.382</subfield></datafield><datafield ind1=" " ind2=" " tag="100"><subfield code="a">Savescu, Mugur</subfield></datafield><datafield ind1=" " ind2=" " tag="245"><subfield code="a">Metode in analiza circuitelor electronice</subfield></datafield><datafield ind1=" " ind2=" " tag="260"><subfield code="a">Bucuresti</subfield><subfield code="b">Ed.St.Si Enciclopedica</subfield><subfield code="c">1985</subfield></datafield><datafield ind1=" " ind2=" " tag="300"><subfield code="a">848 p</subfield></datafield><datafield ind1=" " ind2=" " tag="852"><subfield code="a">72872</subfield></datafield><datafield ind1=" " ind2=" " tag="CAT"><subfield code="a">SYS</subfield><subfield code="c">20170103</subfield><subfield code="h">000209</subfield></datafield></record></collection>